<?xml version="1.0" encoding="utf-8"?>
<record xmlns="http://www.loc.gov/MARC21/slim" xmlns:xsi="http://www.w3.org/2001/XMLSchema-instance" xsi:schemaLocation="http://www.loc.gov/MARC21/slim http://www.loc.gov/standards/marcxml/schema/MARC21slim.xsd">
	<leader>02265nam a2200493   4500</leader>
	<controlfield tag="001">3771658</controlfield>
	<controlfield tag="003">NIC</controlfield>
	<controlfield tag="006">m        d        </controlfield>
	<controlfield tag="007">cr cn |||m|||a</controlfield>
	<controlfield tag="008">160301s1950    le      o     000 0 arard</controlfield>
	<datafield ind1=" " ind2=" " tag="040">
		<subfield code="a">NNU</subfield>
		<subfield code="b">eng</subfield>
		<subfield code="e">rda</subfield>
		<subfield code="c">NNU</subfield>
	</datafield>
	<datafield ind1=" " ind2=" " tag="043">
		<subfield code="a">f-mr---</subfield>
		<subfield code="a">e-sp---</subfield>
	</datafield>
	<datafield ind1=" " ind2="4" tag="050">
		<subfield code="a">DT173</subfield>
		<subfield code="b">.I268 1950</subfield>
	</datafield>
	<datafield ind1=" " ind2="4" tag="082">
		<subfield code="a">960</subfield>
		<subfield code="b">503</subfield>
	</datafield>
	<datafield ind1="1" ind2=" " tag="100">
		<subfield code="6">880-01</subfield>
		<subfield code="a">Ibn ʻIdhārī, Muḥammad,</subfield>
		<subfield code="d">-approximately 1295.</subfield>
	</datafield>
	<datafield ind1="1" ind2="0" tag="240">
		<subfield code="6">880-02</subfield>
		<subfield code="a">Bayān al-mughrib</subfield>
	</datafield>
	<datafield ind1="1" ind2="3" tag="245">
		<subfield code="6">880-03</subfield>
		<subfield code="a">al-Bayān al-mughrib fī akhbār al-Maghrib /</subfield>
		<subfield code="c">Ibn ʻAdārī al-Marrākushī.</subfield>
	</datafield>
	<datafield ind1="3" ind2=" " tag="246">
		<subfield code="6">880-04</subfield>
		<subfield code="a">Akhbār al-Maghrib</subfield>
	</datafield>
	<datafield ind1="3" ind2=" " tag="246">
		<subfield code="6">880-05</subfield>
		<subfield code="a">Akhbār al-Andalus</subfield>
	</datafield>
	<datafield ind1=" " ind2=" " tag="260">
		<subfield code="6">880-06</subfield>
		<subfield code="a">Bayrūt :</subfield>
		<subfield code="b">Maktabat Ṣādir,</subfield>
		<subfield code="c">1950.</subfield>
	</datafield>
	<datafield ind1=" " ind2=" " tag="300">
		<subfield code="a">online resource (2 volumes)</subfield>
	</datafield>
	<datafield ind1=" " ind2=" " tag="336">
		<subfield code="a">text</subfield>
		<subfield code="2">rdacontent</subfield>
	</datafield>
	<datafield ind1=" " ind2=" " tag="337">
		<subfield code="a">computer</subfield>
		<subfield code="2">rdamedia</subfield>
	</datafield>
	<datafield ind1=" " ind2=" " tag="338">
		<subfield code="a">online resource</subfield>
		<subfield code="2">rdacarrier</subfield>
	</datafield>
	<datafield ind1=" " ind2=" " tag="500">
		<subfield code="a">Part of the Arabic Collections Online (ACO) project, contributed by Cornell University Libraries.</subfield>
	</datafield>
	<datafield ind1="0" ind2=" " tag="505">
		<subfield code="a">v. 1. Akhbār al-Maghrib -- v. 2. Akhbār al-Andalus.</subfield>
	</datafield>
	<datafield ind1=" " ind2=" " tag="533">
		<subfield code="a">Electronic reproduction.</subfield>
		<subfield code="b">New York, N.Y. :</subfield>
		<subfield code="c">New York University,</subfield>
		<subfield code="d">2016.</subfield>
		<subfield code="5">NNU</subfield>
	</datafield>
	<datafield ind1=" " ind2="0" tag="651">
		<subfield code="a">Morocco</subfield>
		<subfield code="x">History.</subfield>
	</datafield>
	<datafield ind1=" " ind2="0" tag="651">
		<subfield code="a">Spain</subfield>
		<subfield code="x">History.</subfield>
	</datafield>
	<datafield ind1=" " ind2="7" tag="651">
		<subfield code="a">Morocco.</subfield>
		<subfield code="2">fast</subfield>
		<subfield code="0">(OCoLC)fst01205592</subfield>
	</datafield>
	<datafield ind1=" " ind2="7" tag="651">
		<subfield code="a">Spain.</subfield>
		<subfield code="2">fast</subfield>
		<subfield code="0">(OCoLC)fst01204303</subfield>
	</datafield>
	<datafield ind1=" " ind2="7" tag="655">
		<subfield code="a">History.</subfield>
		<subfield code="2">fast</subfield>
		<subfield code="0">(OCoLC)fst01411628</subfield>
	</datafield>
	<datafield ind1="2" ind2=" " tag="710">
		<subfield code="a">Cornell University.</subfield>
		<subfield code="b">Libraries.</subfield>
	</datafield>
	<datafield ind1="0" ind2=" " tag="730">
		<subfield code="a">Arabic Collections Online.</subfield>
	</datafield>
	<datafield ind1="0" ind2="8" tag="776">
		<subfield code="i">Print version:</subfield>
		<subfield code="a">Ibn ʻIdhārī, Muḥammad, -approximately 1295.</subfield>
		<subfield code="t">al-Bayān al-mughrib fī akhbār al-Maghrib</subfield>
		<subfield code="w">(NIC)3771658</subfield>
		<subfield code="w">(OCoLC)29266822</subfield>
	</datafield>
	<datafield ind1="4" ind2="0" tag="856">
		<subfield code="u">http://hdl.handle.net/2333.1/pg4f4v1z</subfield>
	</datafield>
	<datafield ind1="1" ind2=" " tag="880">
		<subfield code="6">100-01/r</subfield>
		<subfield code="a">ابن عذاري, محمد،</subfield>
		<subfield code="d">-approximately 1295.</subfield>
	</datafield>
	<datafield ind1="1" ind2="0" tag="880">
		<subfield code="6">240-02/r</subfield>
		<subfield code="a">بيان المغرب</subfield>
	</datafield>
	<datafield ind1="1" ind2="2" tag="880">
		<subfield code="6">245-03/r</subfield>
		<subfield code="a">البيان المغرب في اخبار المغرب /</subfield>
		<subfield code="c">ابن عذاري المراكشي.</subfield>
	</datafield>
	<datafield ind1="3" ind2=" " tag="880">
		<subfield code="6">246-04/r</subfield>
		<subfield code="a">اخبار المغرب</subfield>
	</datafield>
	<datafield ind1="3" ind2=" " tag="880">
		<subfield code="6">246-05/r</subfield>
		<subfield code="a">اخبار الاندلس</subfield>
	</datafield>
	<datafield ind1=" " ind2=" " tag="880">
		<subfield code="6">260-06/r</subfield>
		<subfield code="a">بيروت :</subfield>
		<subfield code="b">مكتبة صادر,</subfield>
		<subfield code="c">1950.</subfield>
	</datafield>
	<datafield ind1=" " ind2=" " tag="959">
		<subfield code="a">NNU</subfield>
		<subfield code="b">WEB</subfield>
		<subfield code="c">GENI</subfield>
		<subfield code="t">0</subfield>
		<subfield code="m">Electronic access</subfield>
		<subfield code="s">01</subfield>
	</datafield>
	<datafield ind1=" " ind2=" " tag="999">
		<subfield code="i">NIC_3771658</subfield>
		<subfield code="o">(OCoLC)ocm29266822</subfield>
		<subfield code="s">cornell_aco000407:v.1</subfield>
		<subfield code="s">cornell_aco000406:v.2</subfield>
		<subfield code="e">(ERROR-880)</subfield>
		<subfield code="s">cornell_aco000407:v.1</subfield>
		<subfield code="s">cornell_aco000406:v.2</subfield>
	</datafield>
</record>
